% Encoding: UTF-8
%% This BibTeX bibliography file was created using BibDesk.
%% http://bibdesk.sourceforge.net/


%% Created for labinho at 2018-09-02 14:36:41 +0200 


%% Saved with string encoding Unicode (UTF-8) 



@book{Hanschke2016,
	Address = {M{\"u}nchen},
	Author = {Hanschke, Inge},
	Date-Added = {2018-09-02 10:45:16 +0000},
	Date-Modified = {2018-09-02 12:32:53 +0000},
	Edition = {2},
	Publisher = {Carl Hanser Verlag},
	Title = {Enterprise Architecture Management einfach und effektiv: ein praktischer Leitfaden f{\"u}r die Einf{\"u}hrung von EAM },
	Year = {2016}}

@Misc{Korotkov2013,
  author = {Korotkov, A.},
  title  = {10 wichtige Erfolgsfaktoren für das Corporate Architecture Development Project.},
  year   = {2013},
  url    = {andrey-korotkov.ru/2013/11/26/10-klyuchevyx-faktorov-uspexa-proekta-po-razvitiyu-korporativnoj-arxitektury/ },
}

@Book{Keuntje2010,
  title     = {Enterprise Architecture Management in der Praxis: Wandel, Komplexität und IT-Kosten im Unternehmen beherrschen},
  publisher = {Symposion Publisching GmbH},
  year      = {2010},
  author    = {Keuntje, J. and Barkow, R},
  address   = {Düsseldorf},
  edition   = {1},
  isbn      = {978-3-939707-70-7},
}

@Article{,
}

@Misc{Ojo2016,
  author = {Ojo, O},
  title  = {Why Enterprise Architecture fails to deliver benefits to the business.},
}

@Comment{jabref-meta: databaseType:bibtex;}
